%*******************************************************************************
% Referencer
%*******************************************************************************
% Se følgende links for eksempler for hvordan opbygning skal være:
% https://da.sharelatex.com/learn/Bibliography_management_with_bibtex#The_bibliography_file
% https://en.wikibooks.org/wiki/LaTeX/Bibliography_Management#BibTeX
%-------------------------------------------------------------------------------

% Eksempel for online link
@online{wiki_test_suite,
    author = "Wikipedia",
    title = "Test suite",
    url = "https://en.wikipedia.org/wiki/Test_suite",
	urldate = "2017-12-17",
	year = "2017"
}
@online{MicrosoftCQRS,
	author = "Docs Microsoft",
	title = "CQRS",
	url = "https://docs.microsoft.com/en-us/azure/architecture/patterns/cqrs",
	urldate = "2018-04-13",
	year = "2017"
}
